<?xml version="1.0" encoding="utf-8"?>
<record xmlns="http://www.loc.gov/MARC21/slim" xmlns:xsi="http://www.w3.org/2001/XMLSchema-instance" xsi:schemaLocation="http://www.loc.gov/MARC21/slim http://www.loc.gov/standards/marcxml/schema/MARC21slim.xsd">
	<leader>     nam a22        4500</leader>
	<controlfield tag="001">1676601</controlfield>
	<controlfield tag="003">NIC</controlfield>
	<controlfield tag="006">m        d        </controlfield>
	<controlfield tag="007">cr cn |||m|||a</controlfield>
	<controlfield tag="008">150505s1911    ua a    o     000 1 ara d</controlfield>
	<datafield ind1=" " ind2=" " tag="040">
		<subfield code="a">NNU</subfield>
		<subfield code="b">eng</subfield>
		<subfield code="c">NNU</subfield>
	</datafield>
	<datafield ind1=" " ind2=" " tag="043">
		<subfield code="a">a-tu---</subfield>
	</datafield>
	<datafield ind1="1" ind2=" " tag="100">
		<subfield code="6">880-01</subfield>
		<subfield code="a">Zaydān, Jirjī,</subfield>
		<subfield code="d">1861-1914.</subfield>
	</datafield>
	<datafield ind1="1" ind2="3" tag="245">
		<subfield code="6">880-02</subfield>
		<subfield code="a">al-Inqilāb al-ʻUthmānī</subfield>
		<subfield code="h">[electronic resource] :</subfield>
		<subfield code="b">riwāyah gharāmīyah tārīkhīyah /</subfield>
		<subfield code="c">taʼlīf Jirjī Zaydān.</subfield>
	</datafield>
	<datafield ind1=" " ind2=" " tag="260">
		<subfield code="6">880-03</subfield>
		<subfield code="a">[S.l. :</subfield>
		<subfield code="b">s.n],</subfield>
		<subfield code="c">1911</subfield>
		<subfield code="e">(al-Qāhirah :</subfield>
		<subfield code="f">Maṭbaʻat al-Hilāl)</subfield>
	</datafield>
	<datafield ind1=" " ind2=" " tag="300">
		<subfield code="a">online resource (206 p.) :</subfield>
		<subfield code="b">ill.</subfield>
	</datafield>
	<datafield ind1="1" ind2=" " tag="490">
		<subfield code="6">880-04</subfield>
		<subfield code="a">Silsilat riwayāt tārīkh al-Islām</subfield>
	</datafield>
	<datafield ind1=" " ind2=" " tag="500">
		<subfield code="a">Part of the Arabic Collections Online (ACO) project, contributed by Cornell University Libraries.</subfield>
	</datafield>
	<datafield ind1=" " ind2=" " tag="533">
		<subfield code="a">Electronic reproduction.</subfield>
		<subfield code="b">New York, N.Y. :</subfield>
		<subfield code="c">New York University,</subfield>
		<subfield code="d">2015.</subfield>
		<subfield code="5">NNU</subfield>
	</datafield>
	<datafield ind1=" " ind2="0" tag="651">
		<subfield code="a">Turkey</subfield>
		<subfield code="x">History</subfield>
		<subfield code="x">Fiction.</subfield>
	</datafield>
	<datafield ind1=" " ind2="7" tag="651">
		<subfield code="a">Turkey.</subfield>
		<subfield code="2">fast</subfield>
		<subfield code="0">(OCoLC)fst01208963</subfield>
	</datafield>
	<datafield ind1=" " ind2="7" tag="655">
		<subfield code="a">Fiction.</subfield>
		<subfield code="2">fast</subfield>
		<subfield code="0">(OCoLC)fst01423787</subfield>
	</datafield>
	<datafield ind1=" " ind2="7" tag="655">
		<subfield code="a">History.</subfield>
		<subfield code="2">fast</subfield>
		<subfield code="0">(OCoLC)fst01411628</subfield>
	</datafield>
	<datafield ind1="2" ind2=" " tag="710">
		<subfield code="a">Cornell University.</subfield>
		<subfield code="b">Libraries.</subfield>
	</datafield>
	<datafield ind1="0" ind2=" " tag="730">
		<subfield code="a">Arabic Collections Online.</subfield>
	</datafield>
	<datafield ind1="0" ind2="8" tag="776">
		<subfield code="i">Online version:</subfield>
		<subfield code="a">Zaydān, Jirjī, 1861-1914.</subfield>
		<subfield code="t">Inqilāb al-ʻUthmānī</subfield>
		<subfield code="d">[S.l. : s.n], 1911 (al-Qāhirah : Maṭbaʻat al-Hilāl)</subfield>
		<subfield code="w">(OCoLC)855509648</subfield>
	</datafield>
	<datafield ind1="0" ind2="8" tag="776">
		<subfield code="i">Print version:</subfield>
		<subfield code="a">Zaydān, Jirjī, 1861-1914.</subfield>
		<subfield code="t">al-Inqilāb al-ʻUthmānī</subfield>
		<subfield code="w">(NIC)1676601</subfield>
		<subfield code="w">(OCoLC)63979030</subfield>
	</datafield>
	<datafield ind1="1" ind2=" " tag="800">
		<subfield code="6">880-05</subfield>
		<subfield code="a">Zaydān, Jirjī,</subfield>
		<subfield code="d">1861-1914.</subfield>
		<subfield code="t">Riwāyāt tārīkh al-Islām.</subfield>
	</datafield>
	<datafield ind1="4" ind2="0" tag="856">
		<subfield code="u">http://hdl.handle.net/2333.1/0vt4bbmw</subfield>
	</datafield>
	<datafield ind1="1" ind2=" " tag="880">
		<subfield code="6">100-01/r</subfield>
		<subfield code="a">زيدان، جرجي،</subfield>
		<subfield code="d">1861-1914.</subfield>
	</datafield>
	<datafield ind1="1" ind2="2" tag="880">
		<subfield code="6">245-02/r</subfield>
		<subfield code="a">الانقلاب العثماني :</subfield>
		<subfield code="b">رواية غرامية تاريخية /</subfield>
		<subfield code="c">تأليف جرجي زيدان.</subfield>
	</datafield>
	<datafield ind1=" " ind2=" " tag="880">
		<subfield code="6">260-03/r</subfield>
		<subfield code="a">[S.l. :</subfield>
		<subfield code="b">s.n],</subfield>
		<subfield code="c">1911   (القاهرة :</subfield>
		<subfield code="f">مطبعة الهلال)</subfield>
	</datafield>
	<datafield ind1="1" ind2=" " tag="880">
		<subfield code="6">490-04/r</subfield>
		<subfield code="a">سلسلة روايات تاريخ الاسلام</subfield>
	</datafield>
	<datafield ind1="1" ind2=" " tag="880">
		<subfield code="6">800-05/r</subfield>
		<subfield code="a">زيدان، جرجي،</subfield>
		<subfield code="d">1861-1914.</subfield>
		<subfield code="t">روايات تاريخ الاسلام.</subfield>
	</datafield>
	<datafield ind1=" " ind2=" " tag="959">
		<subfield code="a">NNU</subfield>
		<subfield code="b">WEB</subfield>
		<subfield code="c">GENI</subfield>
		<subfield code="t">0</subfield>
		<subfield code="m">Electronic access</subfield>
		<subfield code="s">01</subfield>
	</datafield>
	<datafield ind1=" " ind2=" " tag="999">
		<subfield code="i">NIC_1676601</subfield>
		<subfield code="o">(OCoLC)ocm63979030</subfield>
		<subfield code="s">cornell_aco000018</subfield>
	</datafield>
</record>
